@www{genius,
 author = {{\textit{Hindy, Joe}}},
 title = {10 best document scanner apps},
 url = {https://www.androidauthority.com/best-document-scanner-apps-777240/},
 keywords = {pic},
 urldate = {2021-04-12}
}

@www{folded_doc,
 author={{\textit{Vectogravic Design, Inc.}}},
 title = {8.5Ã—3.75 Half Fold Vertical Brochure Mockups},
 url = {https://vectogravic.com/freebie/half-fold-vertical-brochure-mockups/},
 keywords = {pic},
 urldate = {2021-04-28}
}

@book{oreily,
	AUTHOR = {{\textit{Bradski, Gary; Kaehler, Adrian}}},
	YEAR = {2008},
	TITLE = {Learning OpenCV},
	ISBN = {978-0-596-55404-0},
	PUBLISHER = {{O'Reilly Media, Inc.}},
	ADDRESS = {Sebastopol},
}

@www{canny,
 title = {Canny Edge Detector},
 url = {https://docs.opencv.org/master/da/d22/tutorial_py_canny.html},
 keywords = {online},
 urldate = {2021-04-25}
}

@www{threshold,
 title = {Image Thresholding},
 url = {https://docs.opencv.org/master/d7/d4d/tutorial_py_thresholding.html},
 keywords = {online},
 urldate = {2021-04-29}
}

@www{contour,
 title = {Contours : Getting Started},
 url = {https://docs.opencv.org/master/d4/d73/tutorial_py_contours_begin.html},
 keywords = {online},
 urldate = {2021-04-25}
}


@book{gonzalez,
	AUTHOR = {{\textit{Gonzalez, Rafael C.; Woods, Richard E.}}},
	YEAR = {2018},
	TITLE = {Digital Image Processing, Global Edition},
	ISBN = {978-1-292-22304-9},
	PUBLISHER = {Pearson Education},
	ADDRESS = {Amsterdam}
}

@article{rdp-algo,
 author = {{\textit{Douglas,  D.,  Peucker,  T.:}}},
 doi = {10.3138/fm57-6770-u75u-7727},
 journal = {The Canadian Cartographer.},
 pages = {112-122},
 title = {Algorithms for the reduction of the number of points required to represent a digitized line or its caricature},
 volume = {Bd. 10, Nr. 2},
 year = {1973},
 keywords = {paper},
}


