@INPROCEEDINGS{Geiger2012ICRA,
  author = {{Geiger, Andreas; Moosmann, Frank; Car, Oemer; Schuster, Bernhard}},
  title = {Automatic Calibration of Range and Camera Sensors using a single Shot},
  booktitle = {International Conference on Robotics and Automation (ICRA)},
  year = {2012}
} 

@Article{zhang2000,
author = {{Zhang, Zhengyou}},
title = {A Flexible New Technique for Camera Calibration},
year = {2000},
pages = {1330-1334},
journal = {IEEE Transactions on Pattern Analysis and Machine Intelligence},
volume = {22},
note = {MSR-TR-98-71, Updated March 25, 1999},
}

@Book{cv,
 author = {{Kaehler, Adrian}},
 title = {Learning OpenCV 3 : computer vision in C++ with the OpenCV library},
 publisher = {O'Reilly Media},
 year = {2016},
 address = {Sebastopol, CA},
 isbn = {978-1-491-93799-0}
 }
 
 @www{vezhnevets,
 author= {{Vezhnevets, V}},
 title= {OpenCV Calibration Object Detection},
 url= {https://www.graphicon.ru/oldgr/en/research/calibration/opencv.html},
 urldate = {2021-05-24}
 }
 
 @article{vez_2,
  doi = {10.3929/ETHZ-A-005705371},
  author = {{Rufli, Martin; Scaramuzza, Davide; Siegwart, Roland}},
  title = {Automatic Detection of Checkerboards on Blurred and Distorted Images},
  publisher = {ETH Zurich},
  year = {2008},
}

@Article{brown,
author = {{Brown, Duane C.}},
title = {Close-Range Camera Calibration},
year = {1971},
pages = {855â€“866},
journal = {Photogrammetric Engineering},
volume = {37},
}


@article{brown_2,
author = {{Fryer, John; Mitchell, Harvey}},
year = {1987},
month = {01},
pages = {123-138},
title = {Radial Distortion and close-range stereophotogrammetry},
volume = {46 and 47},
journal = {Australian journal of geodesy, photogrammetry, and surveying}
}

 @www{distort_cv,
 title= {Camera Calibration and 3D Reconstruction: initUndistortRectifyMap},
 url= {https://docs.opencv.org/master/d9/d0c/group__calib3d.html#ga7dfb72c9cf9780a347fbe3d1c47e5d5a},
 urldate = {2021-05-27}
 }
 
@www{remap,
 title= {Remapping},
 url= {https://docs.opencv.org/3.4/d1/da0/tutorial_remap.html},
 urldate = {2021-05-27}
 }
 
 @www{mat_calib,
 title= {Camera Calibrator},
 url= { https://de.mathworks.com/help/vision/ug/camera-calibration.html},
 urldate = {2021-05-28}
 }
