@Book{cv,
 author = {{Kaehler, Adrian}},
 title = {Learning OpenCV 3 : computer vision in C++ with the OpenCV library},
 publisher = {O'Reilly Media},
 year = {2016},
 address = {Sebastopol, CA},
 isbn = {978-1-491-93799-0}
 }
 
 @Article{zhang2000,
author = {{Zhang, Zhengyou}},
title = {A Flexible New Technique for Camera Calibration},
year = {2000},
pages = {1330-1334},
journal = {IEEE Transactions on Pattern Analysis and Machine Intelligence},
volume = {22},
note = {MSR-TR-98-71, Updated March 25, 1999},
}

@Article{brown,
author = {{Brown, Duane C.}},
title = {Close-Range Camera Calibration},
year = {1971},
pages = {855â€“866},
journal = {Photogrammetric Engineering},
volume = {37},
}


@article{brown_2,
author = {{Fryer, John; Mitchell, Harvey}},
year = {1987},
month = {01},
pages = {123-138},
title = {Radial Distortion and close-range stereophotogrammetry},
volume = {46 and 47},
journal = {Australian journal of geodesy, photogrammetry, and surveying}
}

 @www{distort_cv,
 title= {Camera Calibration and 3D Reconstruction: initUndistortRectifyMap},
 url= {https://docs.opencv.org/master/d9/d0c/group__calib3d.html#ga7dfb72c9cf9780a347fbe3d1c47e5d5a},
 urldate = {2021-07-06}
 }
 
@www{height_person,
 title= {Height - Evolution of height over time},
 url= {https://www.ncdrisc.org/height-mean-line-from-map.html},
 urldate = {2021-07-07}
 }